01REMESSA01COBRANCA       00000000000004392862INDUSTRIA DE COLCHOES CAZDOL L237BRADESCO       181024        MX0000305                                                                                                                                                                                                                                                                                     000001
10000000000000000000000901167003301751 0000001054 1           0002020000000001045900000000002               0100001054 116112400000005211600000000001N171024000000000000013030000000000000000000000000000000000000000000000218959234000126A.C.LOPES DE SOUSA                      RUA 01, NR 5 : A; QUADRA: N;  PROXIMO AO            65.110-0                                                            000002
10000000000000000000000901167003301751 0000001054 1           0002020000000001046700000000002               0100001054 116122400000005211600000000001N171024000000000000013030000000000000000000000000000000000000000000000218959234000126A.C.LOPES DE SOUSA                      RUA 01, NR 5 : A; QUADRA: N;  PROXIMO AO            65.110-0                                                            000003
10000000000000000000000901167003301751 0000001054 1           0002020000000001047500000000002               0100001054 115012500000005211600000000001N171024000000000000013030000000000000000000000000000000000000000000000218959234000126A.C.LOPES DE SOUSA                      RUA 01, NR 5 : A; QUADRA: N;  PROXIMO AO            65.110-0                                                            000004
10000000000000000000000901167003301751 0000001054 1           0002020000000001048300000000002               0100001054 114022500000005211600000000001N171024000000000000013030000000000000000000000000000000000000000000000218959234000126A.C.LOPES DE SOUSA                      RUA 01, NR 5 : A; QUADRA: N;  PROXIMO AO            65.110-0                                                            000005
10000000000000000000000901167003301751 0000001054 1           0002020000000001049100000000002               0100001054 116032500000005211600000000001N171024000000000000013030000000000000000000000000000000000000000000000218959234000126A.C.LOPES DE SOUSA                      RUA 01, NR 5 : A; QUADRA: N;  PROXIMO AO            65.110-0                                                            000006
10000000000000000000000901167003301751 0000000100 1           0002020000000001050500000000002               0100004310 116112400000001500000000000001N171024000000000000003750000000000000000000000000000000000000000000000224255610000102NOSSA CASA COMERCIO LTDA                AV PRINCIPAL MARCONI CALDAS, NR 19 PROXI            65058719                                                            000007
10000000000000000000000901167003301751 0000000100 1           0002020000000001051300000000002               0100004310 116122400000001500000000000001N171024000000000000003750000000000000000000000000000000000000000000000224255610000102NOSSA CASA COMERCIO LTDA                AV PRINCIPAL MARCONI CALDAS, NR 19 PROXI            65058719                                                            000008
10000000000000000000000901167003301751 0000000100 1           0002020000000001052100000000002               0100004310 115012500000001500000000000001N171024000000000000003750000000000000000000000000000000000000000000000224255610000102NOSSA CASA COMERCIO LTDA                AV PRINCIPAL MARCONI CALDAS, NR 19 PROXI            65058719                                                            000009
10000000000000000000000901167003301751 0000000100 1           0002020000000001053P00000000002               0100004310 114022500000001500000000000001N171024000000000000003750000000000000000000000000000000000000000000000224255610000102NOSSA CASA COMERCIO LTDA                AV PRINCIPAL MARCONI CALDAS, NR 19 PROXI            65058719                                                            000010
10000000000000000000000901167003301751 0000000100 1           0002020000000001054800000000002               0100004310 116032500000001500000000000001N171024000000000000003750000000000000000000000000000000000000000000000224255610000102NOSSA CASA COMERCIO LTDA                AV PRINCIPAL MARCONI CALDAS, NR 19 PROXI            65058719                                                            000011
10000000000000000000000901167003301751 0000000101 1           0002020000000001055600000000002               0100004317 116112400000000793340000000001N171024000000000000001980000000000000000000000000000000000000000000000255610033000145R R DE SOUSA COMERCIO DE MOVEIS LTDA    AVENIDA JOaO PESSOA, NR 263 PROXIMO AO              65.040-0                                                            000012
10000000000000000000000901167003301751 0000001061 1           0002020000000001065300000000002               0100001061 116032500000001995000000000001N171024000000000000004990000000000000000000000000000000000000000000000246239582000164CENTER MOVEIS INTERIORES LTDA           AVENIDA JOaO PESSOA, NR 291 PROXIMO AO              65.040-0                                                            000013
9                                                                                                                                                                                                                                                                                                                                                                                                         000014
